<record><leader>00000cas a22000001a 4500</leader><controlfield tag="001">32800644</controlfield><controlfield tag="007">hd afu---baca</controlfield><controlfield tag="007">hd bfu---baaa</controlfield><controlfield tag="008">950711d18371914laudr nea     0    0eng c</controlfield><datafield ind1=" " ind2=" " tag="010"><subfield code="a">sn 94093139 </subfield></datafield><datafield ind1=" " ind2=" " tag="040"><subfield code="a">NN</subfield><subfield code="b">eng</subfield><subfield code="c">RQM</subfield><subfield code="d">OCL</subfield><subfield code="d">UKMGB</subfield><subfield code="d">OCLCQ</subfield><subfield code="d">OCLCF</subfield><subfield code="d">OCLCO</subfield></datafield><datafield ind1=" " ind2=" " tag="012"><subfield code="i">9507</subfield></datafield><datafield ind1="7" ind2=" " tag="016"><subfield code="a">013933581</subfield><subfield code="2">Uk</subfield></datafield><datafield ind1="1" ind2=" " tag="029"><subfield code="a">AU@</subfield><subfield code="b">000011871485</subfield></datafield><datafield ind1=" " ind2=" " tag="042"><subfield code="a">pcc</subfield></datafield><datafield ind1=" " ind2=" " tag="043"><subfield code="a">n-us-la</subfield></datafield><datafield ind1="0" ind2=" " tag="130"><subfield code="a">Daily picayune (New Orleans, La. : 1837)</subfield></datafield><datafield ind1="1" ind2="4" tag="245"><subfield code="a">The daily picayune</subfield><subfield code="h">[microform].</subfield></datafield><datafield ind1=" " ind2=" " tag="260"><subfield code="a">New Orleans, La. :</subfield><subfield code="b">F.A. Lumsden &amp; G.W. Kendall,</subfield><subfield code="c">1837-1914.</subfield></datafield><datafield ind1=" " ind2=" " tag="300"><subfield code="a">v.</subfield></datafield><datafield ind1=" " ind2=" " tag="310"><subfield code="a">Daily,</subfield><subfield code="b">Sept. 28, 1874-1914</subfield></datafield><datafield ind1=" " ind2=" " tag="321"><subfield code="a">Daily (except Mon.),</subfield><subfield code="b">1837-Oct. 27, 1872</subfield></datafield><datafield ind1=" " ind2=" " tag="321"><subfield code="a">Daily,</subfield><subfield code="b">Oct. 28, 1872-Oct. 20, 1873</subfield></datafield><datafield ind1=" " ind2=" " tag="321"><subfield code="a">Daily (except Mon.),</subfield><subfield code="b">Oct. 21, 1873-Sept. 27, 1874</subfield></datafield><datafield ind1="0" ind2=" " tag="362"><subfield code="a">Vol. 1, no. 236 (Nov. 2, 1837)-v. 78, no. 71 (Apr. 5, 1914).</subfield></datafield><datafield ind1=" " ind2=" " tag="500"><subfield code="a">Special carnival issues published annually during Mardi Gras.</subfield></datafield><datafield ind1=" " ind2=" " tag="580"><subfield code="a">Absorbed: New Orleans delta (New Orleans, La. : Daily), and: New Orleans delta (New Orleans, La. : Semiweekly) (non-extant).</subfield></datafield><datafield ind1=" " ind2=" " tag="580"><subfield code="a">Merged with: Times-democrat (New Orleans, La. : 1881) to form: Times-democrat, the daily picayune.</subfield></datafield><datafield ind1=" " ind2=" " tag="533"><subfield code="a">Microfilm.</subfield><subfield code="m">May 31,1862.</subfield><subfield code="b">New York :</subfield><subfield code="c">New York Public Library,</subfield><subfield code="d">[19--].</subfield><subfield code="e">microfilm reels ; 35 mm.</subfield><subfield code="n">On film with other titles of the same subject.</subfield></datafield><datafield ind1=" " ind2="0" tag="651"><subfield code="a">New Orleans (La.)</subfield><subfield code="v">Newspapers.</subfield></datafield><datafield ind1=" " ind2="7" tag="655"><subfield code="a">Newspapers.</subfield><subfield code="2">fast</subfield><subfield code="0">(OCoLC)fst01423814</subfield></datafield><datafield ind1=" " ind2="7" tag="651"><subfield code="a">Louisiana</subfield><subfield code="z">New Orleans.</subfield><subfield code="2">fast</subfield><subfield code="0">(OCoLC)fst01204311</subfield></datafield><datafield ind1=" " ind2=" " tag="752"><subfield code="a">United States</subfield><subfield code="b">Louisiana</subfield><subfield code="c">Orleans</subfield><subfield code="d">New Orleans.</subfield></datafield><datafield ind1="0" ind2=" " tag="775"><subfield code="t">Weekly picayune</subfield><subfield code="w">(DLC)sn 94093117</subfield></datafield><datafield ind1="0" ind2=" " tag="775"><subfield code="t">Twice-a-week New Orleans picayune</subfield></datafield><datafield ind1="0" ind2=" " tag="775"><subfield code="t">Daily picayune (New Orleans, La. : Evening ed.)</subfield></datafield><datafield ind1="1" ind2=" " tag="776"><subfield code="c">Original</subfield><subfield code="w">(DLC)sn 83045371</subfield></datafield><datafield ind1="0" ind2="0" tag="780"><subfield code="t">Picayune (New Orleans, La.)</subfield></datafield><datafield ind1="1" ind2="5" tag="780"><subfield code="t">New Orleans delta (New Orleans, La. : Daily)</subfield><subfield code="g">May 7, 1893</subfield></datafield><datafield ind1="1" ind2="5" tag="780"><subfield code="t">New Orleans delta (New Orleans, La. : Semiweekly)</subfield></datafield><datafield ind1="1" ind2="7" tag="785"><subfield code="t">Times-democrat (New Orleans, La. : 1881)</subfield></datafield><datafield ind1="1" ind2="7" tag="785"><subfield code="t">Times-democrat, the daily picayune</subfield></datafield><datafield ind1=" " ind2=" " tag="850"><subfield code="a">NN</subfield><subfield code="a">NN (master)</subfield></datafield></record>